@article{alhawari2010delisting,
  title={Delisting in Emerging Markets: Evidence from the Johannesburg Stock Exchange},
  author={Al-Hawari, M.E., Papke, P.G.},
  journal={Journal of Emerging Market Finance},
  volume={9},
  number={3},
  pages={299--323},
  year={(2010)},
  publisher={}
}

@article{cassim2000jse,
  title={The Johannesburg Stock Exchange: An Overview},
  author={Cassim, M.L., & Herbst, J.B.},
  journal={Journal of African Business},
  volume={1},
  number={1},
  pages={1--18},
  year={2000},
  publisher={}
}

@article{mcdonald2006post,
  title={Post-Apartheid South Africa: A Study of the Johannesburg Stock Exchange and its Listings},
  author={McDonald, D.G. },
  journal={Journal of Transnational Management},
  volume={11},
  number={3},
  pages={175--195},
  year={2006},
  publisher={}
}

@article{addison2008hist,
  title={The Johannesburg Stock Exchange: A History of Innovation.},
  author={Addison S., Odendaal A. },
  journal={South African Journal of Economic History},
  volume={23},
  number={1},
  pages={1--19},
  year={2008},
  publisher={}
}

@article{roy2010liq,
  title={Liquidity and Market Quality in the Johannesburg Stock Exchange.},
  author={Roy, T.K., Longstaff, J.S., & Bhushan, R.A.S. },
  journal={Journal of Financial Intermediation},
  volume={19},
  number={2},
  pages={246--265},
  year={2010},
  publisher={}
}

@article{chutta2015delist,
  title={Delistings from the Johannesburg Stock Exchange: Causes, Characteristics and Consequences.},
  author={Chutta, K.S., Dimitropoulos, G.E.},
  journal={Journal of African Business},
  volume={16},
  number={4},
  pages={333--354},
  year={2015},
  publisher={}
}

@article{hugo2017determ,
  title={The determinants of delistings from the Johannesburg Stock Exchange},
  author={Hugo, D.L., & Chen, C.L.},
  journal={Journal of Financial Regulation and Compliance},
  volume={25},
  number={4},
  pages={338--358},
  year={2017},
  publisher={}
}

@article{ntusi2019impact,
  title={The Impact of Delistings on Shareholder Wealth: Evidence from the Johannesburg Stock Exchange},
  author={Ntusi, C.Z., & Moemi, M.J. (2019)},
  journal={Journal of Applied Economics and Business Research},
  volume={8},
  number={4},
  pages={249--266},
  year={2019},
  publisher={}
}

@article{magagula2020conseq,
  title={The Consequences of Delisting on Stock Prices: Evidence from the Johannesburg Stock Exchange},
  author={Magagula, N. I., & Moemi, M. J. },
  journal={African Journal of Accounting, Auditing and Finance},
  volume={9},
  number={1},
  pages={51--63},
  year={2020},
  publisher={}
}

@article{Hochreiter1997long,
  title={Long short-term memory},
  author={Hochreiter, S., & Schmidhube, J.},
  journal={Neural Computation},
  volume={9},
  number={8},
  pages={1735--1780},
  year={1997},
  publisher={}
}

@article{hyndaman2008auto,
  title={Automatic time series forecasting: the forecast package for R},
  author={Hyndman, R. J., & Khandakar, Y},
  journal={Journal of Statistical Software},
  volume={26},
  number={3},
  pages={1--22},
  year={2008},
  publisher={}
}

@article{box1976,
  title={Time series analysis: forecasting and control},
  author={Box, G. E., & Jenkins, G. M.},
  journal={San Francisco: Holden-Day},
  volume={},
  number={},
  pages={},
  year={1976},
  publisher={}
  
}

@online{@khumalo2022jse,
    title={JSE celebrates 135 years, but delisting trend hits bourse hard},  
    author={Khumalo, K., & Mdakane, B.},  
    year={2022},
    url={https://www.sundayworld.co.za/news/south-africa/2022-11-14-jse-celebrates-135-years-but-delisting-trend-hits-bourse-hard/},   
    urldate={12/02/2023}
}

@online{BusinessTech2021,
    title={South Africa's shrinking JSE - investors explain what's going on.},  
    author={BusinessTech},  
    year={2021},
    url={https://businesstech.co.za/news/finance/467553/south-africas-shrinking-jse-investors-explain-whats-going-on/},   
    urldate={10/02/2023}
}

@online{Bloomberg2023,
    title={No end in sight for South Africaâ€™s delisting trend, says A2X CEO.},  
    author={Bloomberg},  
    year={2023},
    url={https://www.engineeringnews.co.za/article/no-end-in-sight-for-south-africas-delisting-trend-says-a2x-ceo-2023-01-20},   
    urldate={10-02-2023}
}

@online{IOL2022,
    title={JSE is bleeding: One-in-10 local listed companies forecast to delist this year.},  
    author={IOL},  
    year={2022},
    url={https://www.iol.co.za/business-report/companies/jse-is-bleeding-one-in-10-local-listed-companies-forecast-to-delist-this-year-dbc7f63d-1819-4137-b216-044756c09cfd},   
    urldate={10-02-2023}
}
